@misc{tellodriver,
	author = {DJI},
	title = {DJI Tello driver python},
	howpublished = {\url{https://github.com/dji-sdk/Tello-Python}},
}

@misc{github_tensorflow,
	title = "{Tensorflow}",
	howpublished = {\url{https://github.com/tensorflow/tensorflow}},
}
@misc{Scratch,
	title = "{Scratch}",
	howpublished = {\url{https://scratch.mit.edu/}},
}
@misc{Lego,
	title = "{Lego}",
	howpublished = {\url{https://www.lego.com/es-es/categories/coding-for-kids}},
}
@misc{Kodu,
	title = "{Kodu}",
	howpublished = {\url{https://www.kodugamelab.com/}},
}
@misc{Snap,
	title = "{Snap}",
	howpublished = {\url{https://snap.berkeley.edu/}},
}
@misc{github_dataset,
	title = "{\textit{Dataset} de imágenes de \textit{websim}}",
	howpublished = {\url{https://github.com/aitormf/websim_person_dataset}},
}

@misc{kibotics,
  author = {Asociación de robótica e inteligencia artificial JdeRobot},
  title = {Kibotics},
  howpublished = {\url{https://kibotics.org}}
}
@misc{mixamo,
  author = {Adobe Systems Incorporated},
  title = {Mixamo},
howpublished = {\url{www.mixamo.com}}
}
@misc{labelme,
  title = {LabelMe},
  howpublished = {\url{http://labelme.csail.mit.edu/Release3.0/}}
}
@book{Goodfellow,
    title={Deep Learning},
    author={Ian Goodfellow and Yoshua Bengio and Aaron Courville},
    publisher={MIT Press},
    note={\url{http://www.deeplearningbook.org}},
    year={2016}
}
@misc{cancer,
    author = "MIT Computer Science \& Artificial Intelligence Lab",
	title = "{Using AI to predict breast cancer and personalize care}",
	year = "2019",
	howpublished = {\url{https://www.csail.mit.edu/news/using-ai-predict-breast-cancer-and-personalize-care}},
	note = "[Accedido 30 de Mayo de 2019]"
}
@misc{rna,
	author = "Anyu",
	title = "{''RNA – Redes Neuronales Artificiales'', \textit{Bitácoras de un Ingeniero}}",
	year = "2011",
	howpublished = {\url{http://andrealezcano.blogspot.com.es/2011/04/rna-redes-neuronales-artificiales.html}},
	note = "[Accedido 29 de Mayo de 2019]"
}
@misc{fpn,
      title={Feature Pyramid Networks for Object Detection}, 
      author={Tsung-Yi Lin and Piotr Dollár and Ross Girshick and Kaiming He and Bharath Hariharan and Serge Belongie},
      year={2017},
      eprint={1612.03144},
      archivePrefix={arXiv},
      primaryClass={cs.CV},
      url={https://arxiv.org/pdf/1612.03144.pdf},
}

@article{ssd,
   title={SSD: Single Shot MultiBox Detector},
   ISBN={9783319464480},
   ISSN={1611-3349},
   url={http://dx.doi.org/10.1007/978-3-319-46448-0_2},
   DOI={10.1007/978-3-319-46448-0_2},
   journal={Lecture Notes in Computer Science},
   publisher={Springer International Publishing},
   author={Liu, Wei and Anguelov, Dragomir and Erhan, Dumitru and Szegedy, Christian and Reed, Scott and Fu, Cheng-Yang and Berg, Alexander C.},
   year={2016},
   pages={21–37}
}

@misc{yolov1,
	title={You Only Look Once: Unified, Real-Time Object Detection},
	author={Joseph Redmon and Santosh Divvala and Ross Girshick and Ali Farhadi},
	year={2015},
	eprint={1506.02640},
	archivePrefix={arXiv},
	primaryClass={cs.CV}
}

@misc{yolov2,
	title={YOLO9000: Better, Faster, Stronger},
	author={Joseph Redmon and Ali Farhadi},
	year={2016},
	eprint={1612.08242},
	archivePrefix={arXiv},
	primaryClass={cs.CV}
}

@misc{yolov3,
	title={{YOLOv3: An Incremental Improvement}},
	author={Joseph Redmon and Ali Farhadi},
	year={2018},
	eprint={1804.02767},
	archivePrefix={arXiv},
	primaryClass={cs.CV}
}

@misc{resnets,
	title={Deep Residual Learning for Image Recognition},
	author={Kaiming He and Xiangyu Zhang and Shaoqing Ren and Jian Sun},
	year={2015},
	eprint={1512.03385},
	archivePrefix={arXiv},
	primaryClass={cs.CV}
}

@misc{mobilenet,
	title={MobileNets: Efficient Convolutional Neural Networks for Mobile Vision Applications},
	author={Andrew G. Howard and Menglong Zhu and Bo Chen and Dmitry Kalenichenko and Weijun Wang and Tobias Weyand and Marco Andreetto and Hartwig Adam},
	year={2017},
	eprint={1704.04861},
	archivePrefix={arXiv},
	primaryClass={cs.CV}
}

@misc{mobilenetv2,
      title={MobileNetV2: Inverted Residuals and Linear Bottlenecks}, 
      author={Mark Sandler and Andrew Howard and Menglong Zhu and Andrey Zhmoginov and Liang-Chieh Chen},
      year={2019},
      eprint={1801.04381},
      archivePrefix={arXiv},
      primaryClass={cs.CV}
}
@article{OpenImages,
  author = {Alina Kuznetsova and Hassan Rom and Neil Alldrin and Jasper Uijlings and Ivan Krasin and Jordi Pont-Tuset and Shahab Kamali and Stefan Popov and Matteo Malloci and Alexander Kolesnikov and Tom Duerig and Vittorio Ferrari},
  title = {The Open Images Dataset V4: Unified image classification, object detection, and visual relationship detection at scale},
  year = {2020},
  journal = {IJCV}
}

@phdthesis{tesis_rigoberto,
  author = "{Rigoberto Vizcay}",
	title = "{Deep Learning para la Detección de Peatones y Vehículos sobre FPGA}",
	year = 2018,
	school = {Centro Universitario UAEM Valle de México},
		howpublished = {\url{http://ri.uaemex.mx/bitstream/handle/20.500.11799/70995/tesisfinalRVC-ilovepdf-compressed%20%281%29.pdf?sequence=1&isAllowed=y}},
	note = "[Accedido  22 de Junio de 2019]"
}

@article{rcnn_detection,
    author = "{Y. Abdullah, G. Mehmet, A. Iman and B. Erkan} ",
	title = "{A Vehicle Detection Approach using Deep Learning Methodologies}",
	journal ="{Computer Engineering Department Ankara University}",
	year = "2018"
}

@phdthesis{tesis_ignacio_arriola,
  author = "{Ignacio Arriola}",
	title = "{Detección de objetos basada en Deep Learning
y aplicada a vehículos autónomos}",
	year = 2018,
	school = {Universidad del País Vasco. Ingeniería computacional y sistemas inteligentes}
}
@article{faster_rcnn_ignacio,
    author = "{Shaoqing Ren, Kaiming He, Ross Girshick, and Jian Sun}",
	title = "{Faster r-cnn: Towards real-time object detection with region proposal networks}",
    journal = "In Advances in neural information processing
systems",
    year = "2015",
    pages= {91-99}
}

@article{faster_rcnn_regnet_ignacio,
    author = "{Kaiming He, Xiangyu Zhang, Shaoqing Ren, and Jian Sun}",
	title = "{Deep residual learning for image recognition}",
    journal = "In Proceedings of the IEEE conference on computer vision and pattern recognition",
    year = "2016",
    pages= {770-778}
}


@misc{pascal-voc-2012,
    author = "Everingham, M. and Van~Gool, L. and Williams, C. K. I. and Winn, J. and Zisserman, A.",
    title = "The {PASCAL} {V}isual {O}bject {C}lasses {C}hallenge 2012 {(VOC2012)} {R}esults",
    howpublished = "http://www.pascal-network.org/challenges/VOC/voc2012/workshop/index.html"}

@misc{cocodataset,
      title={Microsoft COCO: Common Objects in Context}, 
      author={Tsung-Yi Lin and Michael Maire and Serge Belongie and Lubomir Bourdev and Ross Girshick and James Hays and Pietro Perona and Deva Ramanan and C. Lawrence Zitnick and Piotr Dollár},
      year={2015},
      eprint={1405.0312},
      archivePrefix={arXiv},
      primaryClass={cs.CV}
}


@phdthesis{nacho_tfg,
    author = {Ignacio Condés Menchén},
	title = "{Deep Learning Applications for Robotics using TensorFlow and JdeRobot}",
	year = 2018,
	school = {Escuela Técnica Superior de Ingeniería de Telecomunicación, Universidad Rey Juan Carlos},
	howpublished = {\url{https://github.com/RoboticsURJC-students/2017-tfg-nacho_condes/blob/master/report/report.pdf}},
	note = "[Accedido 24 de Junio de 2019]"
}

@phdthesis{marcos_tfm,
    author = {Marcos Pieras Sagardoy},
	title = "{Visual people tracking with deep learning detection and feature tracking}",
	year = 2017,
	school = {Escuela Técnica Superior de Ingeniería de Telecomunicación, Universidad Rey Juan Carlos},
	howpublished = {\url{https://github.com/RoboticsURJC-students/2015-TFM-Marcos-Pieras/blob/master/memoria/Memoria.pdf}},
	note = "[Accedido 24 de Junio de 2019]"
}

@misc{vgg16,
	title={Very Deep Convolutional Networks for Large-Scale Image Recognition},
	author={Karen Simonyan and Andrew Zisserman},
	year={2014},
	eprint={1409.1556},
	archivePrefix={arXiv},
	primaryClass={cs.CV}
}
